@online{krew_na_szlaku,
    author = "Jeff C. Stevens, Janek Sielicki",
    title = "Krew na szlaku",
    url = "https://www.dmsguild.com/product/272953/Krew-na-szlaku",
}

@online{klopoty_z_goblinami,
    author = "Janek Sielicki",
    title = "KÅ‚opoty z goblinami",
    url = "https://www.dmsguild.com/product/268015/Klopoty-z-goblinami",
}
